<?xml version="1.0" encoding="utf-8"?>
<record xmlns="http://www.loc.gov/MARC21/slim" xmlns:xsi="http://www.w3.org/2001/XMLSchema-instance" xsi:schemaLocation="http://www.loc.gov/MARC21/slim http://www.loc.gov/standards/marcxml/schema/MARC21slim.xsd">
	<leader>     nam a22     Mi 4500</leader>
	<controlfield tag="001">b12522636</controlfield>
	<controlfield tag="003">LeBAU</controlfield>
	<controlfield tag="006">m        d        </controlfield>
	<controlfield tag="007">cr cn |||m|||a</controlfield>
	<controlfield tag="008">210616s1943    ua a    o     000 0 ara d</controlfield>
	<datafield ind1=" " ind2=" " tag="040">
		<subfield code="a">ZYU</subfield>
		<subfield code="b">ara</subfield>
		<subfield code="e">rda</subfield>
		<subfield code="c">ZYU</subfield>
	</datafield>
	<datafield ind1="1" ind2=" " tag="041">
		<subfield code="a">ara</subfield>
		<subfield code="h">eng</subfield>
	</datafield>
	<datafield ind1="0" ind2="4" tag="082">
		<subfield code="a">822.33</subfield>
		<subfield code="2">23</subfield>
	</datafield>
	<datafield ind1="1" ind2=" " tag="100">
		<subfield code="6">880-01</subfield>
		<subfield code="a">Shakespeare, William,</subfield>
		<subfield code="d">1564-1616.</subfield>
		<subfield code="e">author.</subfield>
		<subfield code="0">http://id.loc.gov/authorities/names/n78095332 ,</subfield>
	</datafield>
	<datafield ind1="1" ind2="0" tag="240">
		<subfield code="a">Tales from Shakespeare.</subfield>
		<subfield code="l">Arabic</subfield>
	</datafield>
	<datafield ind1="1" ind2="0" tag="245">
		<subfield code="6">880-02</subfield>
		<subfield code="a">Qiṣaṣ min Shīkisbīr /</subfield>
		<subfield code="c">katabahā Tshārls Lām, Mārī Lām ; tarjamahā Muḥammad Badrān, mudīr Idārat al-tarjamah bi-Wizārat al-Maʻārif, wa-ṣaddarahā bi-muqaddimah fī Shikisbīr wa-shiʻrihi.</subfield>
	</datafield>
	<datafield ind1=" " ind2="1" tag="264">
		<subfield code="6">880-03</subfield>
		<subfield code="a">al-Qāhirah :</subfield>
		<subfield code="b">Lajnat al-Taʼlīf wa-al-Tarjamah wa-al-Nashr,</subfield>
		<subfield code="c">1943.</subfield>
	</datafield>
	<datafield ind1=" " ind2=" " tag="300">
		<subfield code="6">880-04</subfield>
		<subfield code="a">online resource (b-ṭ, 275 pages, 1 unnumbered leave of plates) :</subfield>
		<subfield code="b">illustrations</subfield>
	</datafield>
	<datafield ind1=" " ind2=" " tag="336">
		<subfield code="a">text</subfield>
		<subfield code="2">rdacontent</subfield>
	</datafield>
	<datafield ind1=" " ind2=" " tag="337">
		<subfield code="a">computer</subfield>
		<subfield code="2">rdamedia</subfield>
	</datafield>
	<datafield ind1=" " ind2=" " tag="338">
		<subfield code="a">online resource</subfield>
		<subfield code="2">rdacarrier</subfield>
	</datafield>
	<datafield ind1="1" ind2=" " tag="490">
		<subfield code="6">880-05</subfield>
		<subfield code="a">ʻUyūn al-adab al-gharbī ;</subfield>
		<subfield code="v">al-ʻadad al-ḥādī ʻashar</subfield>
	</datafield>
	<datafield ind1=" " ind2=" " tag="500">
		<subfield code="a">Part of the Arabic Collections Online (ACO) project, contributed by American University of Beirut's Jafet Memorial Library.</subfield>
	</datafield>
	<datafield ind1="0" ind2=" " tag="505">
		<subfield code="a">قصص من شكسبير :</subfield>
		<subfield code="t">العاصفة --</subfield>
		<subfield code="t">حلم ليلة في منتصف الصيف --</subfield>
		<subfield code="t">قصة الشتاء --</subfield>
		<subfield code="t">جعجعة بلا طحين --</subfield>
		<subfield code="t">كما تحب --</subfield>
		<subfield code="t">سيدان من اهل فيرونا --</subfield>
		<subfield code="t">تاجر البندقية --</subfield>
		<subfield code="t">سمبلين --</subfield>
		<subfield code="t">الملك لير -- مكبث --</subfield>
		<subfield code="t">ان الامور بخواتيمها --</subfield>
		<subfield code="t">تذليل السليطة --</subfield>
		<subfield code="t">ملهاة الاخطاء --</subfield>
		<subfield code="t">دقة بدقة --</subfield>
		<subfield code="t">الليلة الثانية عشرة-</subfield>
		<subfield code="t">تيمن الأثيني --</subfield>
		<subfield code="t">روميو وجليت --</subfield>
		<subfield code="t">هملت أمير دنمرك --</subfield>
		<subfield code="t">عطيل --</subfield>
		<subfield code="t">بركليز أمير صور.</subfield>
	</datafield>
	<datafield ind1=" " ind2=" " tag="533">
		<subfield code="a">Electronic reproduction.</subfield>
		<subfield code="b">New York, N.Y. :</subfield>
		<subfield code="c">New York University,</subfield>
		<subfield code="d">2021.</subfield>
		<subfield code="5">NNU</subfield>
	</datafield>
	<datafield ind1="1" ind2="4" tag="600">
		<subfield code="a">شكسبير، ولي،</subfield>
		<subfield code="d">1564-1616</subfield>
		<subfield code="v">ترجمات الى العربية.</subfield>
	</datafield>
	<datafield ind1="1" ind2="4" tag="600">
		<subfield code="a">شكسبير، ولي،</subfield>
		<subfield code="d">1564-1616</subfield>
		<subfield code="v">قصص، حبكات، إلخ.</subfield>
	</datafield>
	<datafield ind1="1" ind2="4" tag="600">
		<subfield code="a">شكسبير، ولي،</subfield>
		<subfield code="d">1564-1616</subfield>
		<subfield code="x">اقتباسات.</subfield>
	</datafield>
	<datafield ind1="1" ind2="0" tag="600">
		<subfield code="a">Shakespeare, William,</subfield>
		<subfield code="d">1564-1616</subfield>
		<subfield code="v">Translations into Arabic.</subfield>
	</datafield>
	<datafield ind1="1" ind2="0" tag="600">
		<subfield code="a">Shakespeare, William,</subfield>
		<subfield code="d">1564-1616</subfield>
		<subfield code="v">Stories, plots, etc.</subfield>
	</datafield>
	<datafield ind1="1" ind2="0" tag="600">
		<subfield code="a">Shakespeare, William,</subfield>
		<subfield code="d">1564-1616</subfield>
		<subfield code="x">Adaptations.</subfield>
	</datafield>
	<datafield ind1="1" ind2=" " tag="700">
		<subfield code="6">880-06</subfield>
		<subfield code="a">Lamb, Charles,</subfield>
		<subfield code="d">1775-1834.</subfield>
		<subfield code="e">compiler.</subfield>
		<subfield code="0">http://id.loc.gov/authorities/names/n79067888 ,</subfield>
	</datafield>
	<datafield ind1="1" ind2=" " tag="700">
		<subfield code="6">880-07</subfield>
		<subfield code="a">Lamb, Mary,</subfield>
		<subfield code="d">1764-1847.</subfield>
		<subfield code="e">compiler.</subfield>
		<subfield code="0">http://id.loc.gov/authorities/names/n50037868 ,</subfield>
	</datafield>
	<datafield ind1="1" ind2=" " tag="700">
		<subfield code="6">880-08</subfield>
		<subfield code="a">Badrān, Muḥammad,</subfield>
		<subfield code="e">translator.</subfield>
	</datafield>
	<datafield ind1="1" ind2=" " tag="700">
		<subfield code="6">880-09</subfield>
		<subfield code="a">Badrān, Muḥammad,</subfield>
		<subfield code="e">translator.</subfield>
	</datafield>
	<datafield ind1="2" ind2=" " tag="710">
		<subfield code="a">Jafet Memorial Library.</subfield>
	</datafield>
	<datafield ind1="0" ind2=" " tag="730">
		<subfield code="a">Arabic Collections Online.</subfield>
	</datafield>
	<datafield ind1="0" ind2="8" tag="765">
		<subfield code="6">880-10</subfield>
		<subfield code="i">is translation of</subfield>
		<subfield code="4">http://rdaregistry.info/Elements/e/P20141 :</subfield>
		<subfield code="a">Shakespeare, William, 1564-1616.</subfield>
		<subfield code="t">Tales from Shakespeare.</subfield>
		<subfield code="d">London : Thomas Nelson and Sons, [between 1900 and 1950?]</subfield>
		<subfield code="w">(OCoLC)20568614</subfield>
		<subfield code="w">(OCoLC)20568614</subfield>
	</datafield>
	<datafield ind1="0" ind2="8" tag="776">
		<subfield code="i">Print version:</subfield>
		<subfield code="a">Shakespeare, William, 1564-1616. author. http://id.loc.gov/authorities/names/n78095332 ,</subfield>
		<subfield code="t">Qiṣaṣ min Shīkisbīr</subfield>
		<subfield code="w">(LeBAU)b12522636</subfield>
	</datafield>
	<datafield ind1=" " ind2="0" tag="830">
		<subfield code="6">880-11</subfield>
		<subfield code="a">ʻUyūn al-adab al-gharbī ;</subfield>
		<subfield code="v">al-ʻadad al-ḥādī ʻashar.</subfield>
	</datafield>
	<datafield ind1="4" ind2="0" tag="856">
		<subfield code="u">http://hdl.handle.net/2333.1/s1rn915q</subfield>
	</datafield>
	<datafield ind1=" " ind2="1" tag="880">
		<subfield code="6">264-03</subfield>
		<subfield code="a">القاهرة :</subfield>
		<subfield code="b">لجنة التأليف والترجمة والنشر،</subfield>
		<subfield code="c">1943.</subfield>
	</datafield>
	<datafield ind1="1" ind2=" " tag="880">
		<subfield code="6">100-01</subfield>
		<subfield code="a">شكسبير، وليم،</subfield>
		<subfield code="d">1564-1616،</subfield>
		<subfield code="0">http://id.loc.gov/authorities/names/n78095332 ,</subfield>
		<subfield code="e">مؤلف. </subfield>
		<subfield code="4">aut.</subfield>
	</datafield>
	<datafield ind1="1" ind2="0" tag="880">
		<subfield code="6">245-02</subfield>
		<subfield code="a">قصص من شيكسبير /</subfield>
		<subfield code="c">كتبها تشارلس لام، ماري لام ؛ ترجمها محمد بدران، مدير ادارة الترجمة بوزارة المعارف، وصدرها بمقدمة في شيكسبير وشعره.</subfield>
	</datafield>
	<datafield ind1="1" ind2=" " tag="880">
		<subfield code="6">490-05</subfield>
		<subfield code="a">عيون الادب الغربي ؛</subfield>
		<subfield code="v">العدد الحادي عشر</subfield>
	</datafield>
	<datafield ind1=" " ind2=" " tag="880">
		<subfield code="6">300-04</subfield>
		<subfield code="a">ب-ط، 275 صفحة، 1 ورقة لوحات غير مرقمة :</subfield>
		<subfield code="b">مصورات ؛</subfield>
		<subfield code="c">23 سم.</subfield>
	</datafield>
	<datafield ind1="1" ind2=" " tag="880">
		<subfield code="6">700-06</subfield>
		<subfield code="a">لامب، شارلز،</subfield>
		<subfield code="d">1775-1834،</subfield>
		<subfield code="0">http://id.loc.gov/authorities/names/n79067888 ,</subfield>
		<subfield code="e">معد. </subfield>
		<subfield code="4">com.</subfield>
	</datafield>
	<datafield ind1="1" ind2=" " tag="880">
		<subfield code="6">700-07</subfield>
		<subfield code="a">لامب، ماري،</subfield>
		<subfield code="d">1764-1847،</subfield>
		<subfield code="0">http://id.loc.gov/authorities/names/n50037868 ,</subfield>
		<subfield code="e">معد. </subfield>
		<subfield code="4">com.</subfield>
	</datafield>
	<datafield ind1="1" ind2=" " tag="880">
		<subfield code="6">700-08</subfield>
		<subfield code="a">بدران، محمد،</subfield>
		<subfield code="e">مؤلف مقدمة. </subfield>
		<subfield code="4">aui.</subfield>
	</datafield>
	<datafield ind1="1" ind2=" " tag="880">
		<subfield code="6">700-09</subfield>
		<subfield code="a">بدران، محمد،</subfield>
		<subfield code="e">مترجم. </subfield>
		<subfield code="4">trl.</subfield>
	</datafield>
	<datafield ind1="0" ind2="8" tag="880">
		<subfield code="6">765-10</subfield>
		<subfield code="i">ترجمة</subfield>
		<subfield code="4">http://rdaregistry.info/Elements/e/P20141 :</subfield>
		<subfield code="a">Shakespeare, William, 1564-1616.</subfield>
		<subfield code="t">Tales from Shakespeare.</subfield>
		<subfield code="d">London : Thomas Nelson and Sons, [between 1900 and 1950?]</subfield>
		<subfield code="w">(LEAUB)b18309604</subfield>
		<subfield code="w">(OCoLC)20568614</subfield>
	</datafield>
	<datafield ind1=" " ind2="0" tag="880">
		<subfield code="6">830-11</subfield>
		<subfield code="a">عيون الادب الغربي ؛</subfield>
		<subfield code="v">11.</subfield>
	</datafield>
	<datafield ind1=" " ind2=" " tag="959">
		<subfield code="a">NNU</subfield>
		<subfield code="b">WEB</subfield>
		<subfield code="c">GENI</subfield>
		<subfield code="t">0</subfield>
		<subfield code="m">Electronic access</subfield>
		<subfield code="s">01</subfield>
	</datafield>
	<datafield ind1=" " ind2=" " tag="999">
		<subfield code="i">LeBAU_b12522636</subfield>
		<subfield code="s">aub_aco004508</subfield>
		<subfield code="e">(ERROR-880)(ERROR-MISC)</subfield>
	</datafield>
</record>
